@misc{ Toeplitz,
       author = "",
       title = "Toeplitz matrix for convolution as matrix multiplication",
       howpublished = "\url{https://www.dropbox.com/s/ptawfevtofpbbdn/matrix_creation_for_convolution.pdf?dl=0}" 
@misc{ OpenBlas,
       author = "",
       title = "",
       howpublished = "\url{https://www.openblas.net/}" } 
@misc{ IntelMKL,
       author = "",
       title = "",
       howpublished = "\url{https://software.intel.com/en-us/mkl}" } 

     